<record xmlns="http://www.loc.gov/MARC21/slim" xmlns:xsi="http://www.w3.org/2001/XMLSchema-instance" xsi:schemaLocation="http://www.loc.gov/MARC21/slim http://www.loc.gov/standards/marcxml/schema/MARC21slim.xsd">

  <leader>00611nam a2200157Ia 4500</leader>
  <datafield ind1=" " ind2=" " tag="999">
    <subfield code="c">1232</subfield>
    <subfield code="d">1232</subfield>
  </datafield>
  <controlfield tag="008">170519b2006    cr ||||| |||| 00| | spa d</controlfield>
  <datafield ind1=" " tag="090" ind2=" ">
    <subfield code="a">01.03.03 </subfield>
    <subfield code="b">1275</subfield>
  </datafield>
  <datafield ind1="2" tag="110" ind2=" ">
    <subfield code="a">Universidad de Costa Rica. Consejo Universitario</subfield>
    <subfield code="9">1007</subfield>
  </datafield>
  <datafield ind1="1" ind2="0" tag="245">
    <subfield code="a">Criterio sobre el proyecto de ley Tratado de Libre Comercio República Dominicana, Centroamérica y Estados Unidos / </subfield>
    <subfield code="c">Universidad de Costa Rica</subfield>
  </datafield>
  <datafield ind1=" " ind2=" " tag="260">
    <subfield code="a">Costa Rica: </subfield>
    <subfield code="b">Universidad de Costa Rica, </subfield>
    <subfield code="c">2006</subfield>
  </datafield>
  <datafield ind1=" " ind2=" " tag="300">
    <subfield code="a">24 páginas</subfield>
  </datafield>
  <datafield tag="610" ind2="0" ind1=" ">
    <subfield code="a">UNIVERSIDAD DE COSTA RICA</subfield>
    <subfield code="9">714</subfield>
  </datafield>
  <datafield ind2="4" tag="650" ind1="1">
    <subfield code="a">TRATADO DE LIBRE COMERCIO </subfield>
    <subfield code="9">2810</subfield>
  </datafield>
  <datafield ind2="4" tag="650" ind1="1">
    <subfield code="a">OPINIÓN</subfield>
    <subfield code="9">1361</subfield>
  </datafield>
  <datafield ind1=" " tag="942" ind2=" ">
    <subfield code="2">z</subfield>
    <subfield code="c">01</subfield>
  </datafield>
</record>